<?xml version="1.0" encoding="UTF-8"?><collection xmlns="http://www.loc.gov/MARC21/slim"><record><leader>00410nam--2200145-i-4500</leader><controlfield tag="001">000029864</controlfield><controlfield tag="002">20161230</controlfield><controlfield tag="005">20161230201037</controlfield><controlfield tag="008">060222s1000------------r-----000-0-eng-d</controlfield><datafield ind1=" " ind2=" " tag="080"><subfield code="a">621.38.04</subfield></datafield><datafield ind1=" " ind2=" " tag="100"><subfield code="a">Lowenberg, Edwin C</subfield></datafield><datafield ind1=" " ind2=" " tag="245"><subfield code="a">Schaum`s outline of theory and problems of electronic circuits</subfield></datafield><datafield ind1=" " ind2=" " tag="260"><subfield code="a">New York, Mcgraw-hill Book Co., 1967, 174p</subfield></datafield><datafield ind1=" " ind2=" " tag="490"><subfield code="a">Schaum`S Outline Series</subfield></datafield><datafield ind1=" " ind2=" " tag="852"><subfield code="a">32865</subfield></datafield></record></collection>